@article{cit:1,
	title	= {Real-Time Pedestrian Detection With Deep Network Cascades},
	author	= {Anelia Angelova and Alex Krizhevsky and Vincent Vanhoucke and Abhijit Ogale and Dave Ferguson},
	year	= {2015},
	booktitle	= {Proceedings of BMVC 2015}
}

@article{cit:2,
	author = {Hasan, Irtiza and Liao, Shengcai and Li, Jinpeng and Akram, Saad and Shao, Ling},
	year = {2020},
	month = {03},
	pages = {},
	title = {Pedestrian Detection: The Elephant In The Room}
}

@article{cit:3,
	title={Fast Vehicle and Pedestrian Detection Using Improved Mask R-CNN},
	author={Xu, Chenchen and Wang, Guili and Yan, Songsong and Yu, Jianghua and Zhang, Baojun and Dai, Shu and Li, Yu and Xu, Lin},
	journal={Mathematical Problems in Engineering},
	volume={2020},
	year={2020},
	publisher={Hindawi}
}

@article{cit:4,
	title={MASK R-CNN for Pedestrian Crosswalk Detection and Instance Segmentation},
	author={Malbog, Mon Arjay},
	booktitle={2019 IEEE 6th International Conference on Engineering Technologies and Applied Sciences (ICETAS)},
	pages={1--5},
	year={2019},
	organization={IEEE}
}

@article{cit:5,
	author = {Chen, Yuanyuan and Guo, Shuqin and Zhang, Biaobiao and Du, K.-L},
	year = {2013},
	month = {12},
	pages = {69-73},
	title = {A Pedestrian Detection and Tracking System Based on Video Processing Technology},
	isbn = {978-1-4799-2886-6},
	journal = {Proceedings - 2013 4th Global Congress on Intelligent Systems, GCIS 2013},
	doi = {10.1109/GCIS.2013.17}
}

@article{cit:6,
	title={Deep learning},
	author={Rusk, Nicole},
	journal={Nature Methods},
	volume={13},
	number={1},
	pages={35--35},
	year={2016},
	publisher={Nature Publishing Group}
}

@INPROCEEDINGS{cit:7,  
	author={S. {Albawi} and T. A. {Mohammed} and S. {Al-Zawi}},  
	booktitle={2017 International Conference on Engineering and Technology (ICET)},   title={Understanding of a convolutional neural network},   
	year={2017},  
	volume={},  
	number={},  
	pages={1-6},  doi={10.1109/ICEngTechnol.2017.8308186}
}

@article{cit:8,
	title={Faster r-cnn: Towards real-time object detection with region proposal networks},
	author={Ren, Shaoqing and He, Kaiming and Girshick, Ross and Sun, Jian},
	journal={arXiv preprint arXiv:1506.01497},
	year={2015}
}

@article{cit:9,
	title={Mask r-cnn},
	author={He, Kaiming and Gkioxari, Georgia and Doll{\'a}r, Piotr and Girshick, Ross},
	booktitle={Proceedings of the IEEE international conference on computer vision},
	pages={2961--2969},
	year={2017}
}

@article{cit:10,
	title={Fruit detection for strawberry harvesting robot in non-structural environment based on Mask-RCNN},
	author={Yu, Yang and Zhang, Kailiang and Yang, Li and Zhang, Dongxing},
	journal={Computers and Electronics in Agriculture},
	volume={163},
	pages={104846},
	year={2019},
	publisher={Elsevier}
}

@misc{cit:11,
	title={Mask R-CNN for Object Detection and Segmentation},
	author={Matterport, Inc},
	year={2019},
	howpublished={\url{https://github.com/matterport/Mask_RCNN#mask-r-cnn-for-object-detection-and-segmentation}},
	note={Acessed : 2020-11-4}
}


@article{cit:12,
	title={Fast Vehicle and Pedestrian Detection Using Improved Mask R-CNN},
	author={Xu, Chenchen and Wang, Guili and Yan, Songsong and Yu, Jianghua and Zhang, Baojun and Dai, Shu and Li, Yu and Xu, Lin},
	journal={Mathematical Problems in Engineering},
	volume={2020},
	year={2020},
	publisher={Hindawi}
}

@misc{cit:13,
	title={Perkembangan Jumlah Kendaraan Bermotor Menurut Jenis (Unit), 2017-2019},
	author={Badan Pusat Statistik},
	year={2019},
	howpublished={\url{https://www.bps.go.id/indicator/17/57/1/jumlah-kendaraan-bermotor.html}},
	note={Acessed : 2021-08-15}	
}

@misc{cit:14,
	title={More than 270 000 pedestrians killed on roads each year},
	author={Laura Sminkey},
	year={2013 },
	howpublished={\url{https://www.who.int/news/item/02-05-2013-more-than-270-000-pedestrians-killed-on-roads-each-year}},
	note={Acessed : 2021-08-15}	
}